@article{AbbottNelson2000,
	title = {Synaptic plasticity: taming the beast},
    author = {L.~F. Abbott and S.~B. Nelson},
    journal = {Nature Neuroscience},
    year = {2000},
    volume = {3},
    pages = {1178--1183}
}

@article{AdelsonMovshon1982,
	author = {E.~H. Adelson and J.~A. Movshon},
    title = {Phenomenal coherence of moving visual patterns},
    year = {1982},
    journal = {Nature},
    volume = {300},
    number = {5892},
    pages = {523-525}
}

@article{AdelsonBergen1985,
	author = {E.~H. Adelson and J.~R. Bergen}, 
	journal = {J. Opt. Soc. Am. A}, 
	keywords = {},
	number = {2}, 
	pages = {284--299}, 
	publisher = {OSA},
	title = {Spatiotemporal energy models for the perception of 	motion}, 
	volume = {2}, 
	month = {Feb},
	year = {1985},
	doi = {10.1364/JOSAA.2.000284},
}

@article{Alivisatos2012,
	title = {The brain activity map project and the challenge of functional connectomes},
    author = {A.~P. Alivisatos and M. Chun and G.~M. Church and R.~J. Greenspan and M.~L. Roukes and R. Yuste},
    year = {2012},
    journal = {Neuron},
    volume = {74},
    pages = {970--974}
}

@article{Allman1985,
	author = {Allman, J. and Miezin, F. and McGuinness, E.}, 
	title = {Direction- and Velocity-Specific Responses from beyond the Classical Receptive Field in the Middle Temporal Visual Area (MT)},
	volume = {14}, 
	number = {2}, 
	pages = {105-126}, 
	year = {1985}, 
	doi = {10.1068/p140105}, 
	journal = {Perception} 
}

@article {Andersen1985,
	author = {Andersen, RA and Essick, GK and Siegel, RM},
	title = {Encoding of spatial location by posterior parietal neurons},
	volume = {230},
	number = {4724},
	pages = {456--458},
	year = {1985},
	doi = {10.1126/science.4048942},
	publisher = {American Association for the Advancement of Science},
	issn = {0036-8075},
	journal = {Science}
}

@article{Andersen1990,
	title = {Corticocortical connections of anatomically and physiologically defined subdivisions within the inferior parietal lobule},
    author = {R.~A. Andersen and C. Asanuma and G. Essick and R.~M. Siegel},
    year = {1990},
    journal = {Journal of Computational Neurology},
    volume = {296},
    pages = {65--113}
}

@article{Attneave1954,
	title = {Some informational aspects of visual perception},
    author = {F. Attneave},
    year = {1954},
    journal = {Psychology Review},
    volume = {61},
    pages = {183--193}
}

@article{Avery2012,
   AUTHOR={Avery, M.~C.  and  Nitz, D.~A.  and  Chiba, A.~A.  and  Krichmar, J.~L.},
   TITLE={Simulation of Cholinergic and Noradrenergic Modulation of Behavior in Uncertain Environments},
   JOURNAL={Frontiers in Computational Neuroscience},
   VOLUME={6},
   YEAR={2012},
   NUMBER={5},
   DOI={10.3389/fncom.2012.00005},
   ISSN={1662-5188},
}

@ARTICLE{Avery2015,
	AUTHOR={Avery, M.  and  Krichmar, J.~L.},   
	TITLE={Improper activation of D1 and D2 receptors leads to excess noise in prefrontal cortex},      
	JOURNAL={Frontiers in Computational Neuroscience},      
	VOLUME={9},      
	YEAR={2015},      
	NUMBER={31},     
	DOI={10.3389/fncom.2015.00031},      
	ISSN={1662-5188},
}

@article{Baloch1997,
	title = "A neural model of high-level motion processing: Line motion and formotion dynamics ",
	journal = "Vision Research ",
	volume = "37",
	number = "21",
	pages = "3037 - 3059",
	year = "1997",
	issn = "0042-6989",
	doi = "10.1016/S0042-6989(97)00103-X",
	author = "A.~A. Baloch and S. Grossberg",
}

@incollection{Barlow1961,
	author = {H.~B. Barlow},
    title = {Possible principles underlying the transformation of sensory messages. In: Sensory comunication},
    year = {1961},
    booktitle = {Sensory communication},
    publisher = {MIT Press},
    editor = {W.~A. Rosenblinth}
}

@article{Bayerl2004,
	title = "Disambiguating Visual Motion Through Contextual Feedback Modulation",
    author = "P. Bayerl and H. Neumann",
    year = "2004",
    doi = "10.1162/0899766041732404",
    journal = "Neural Computation",
    publisher = "MIT Press",
    volume = "16",
    issue = "10"
}

@article{BeintemaVanDenBerg1998,
	title = {Heading detection using motion templates and eye velocity gain fields},
    year = {1998},
    author = {J.~A. Beintema and A.~V. van den Berg},
    journal = {Vision Research},
    volume = {38},
    pages = {2155--2179}
}

@article{BeintemaVanDenBerg2000,
	title = {Perceived heading during simulated torsional eye movements},
    author = {J.~A. Beintema and A.~V. van den Berg},
    year = {2000},
    journal = {Vision Research},
    volume = {40},
    pages = {549--566}
}

@article{BenHamed2003,
	title = {{MSTd} neuronal basis functions for the population encoding of heading direction},
    author = {S. Ben Hamed and W. Page and C. Duffy and A. Pouget},
    year = {2003},
    journal = {Journal of Neurophysiology},
    volume = {90},
    pages = {549--558}
}

@ARTICLE{Bekolay2014,
	AUTHOR={Bekolay, T.  and  Bergstra, J.  and  Hunsberger, E.  and  DeWolf, T.  and  Stewart, T.~C.  and  Rasmussen, D.  and  Choo, X.  and  Voelker, A.  and  Eliasmith, C.},
	TITLE={Nengo: A Python tool for building large-scale functional brain models},
	JOURNAL={Frontiers in Neuroinformatics},      
	VOLUME={7},      
	YEAR={2014},      
	NUMBER={48},     
	DOI={10.3389/fninf.2013.00048},      
	ISSN={1662-5196}
}

@article{BerezovskiiBorn2000,
	author = {V.~K. Berezovskii and R.~T. Born}, 
	title = {Specificity of Projections from Wide-Field and Local Motion-Processing Regions within the Middle Temporal Visual Area of the Owl Monkey},
	volume = {20}, 
	number = {3}, 
	pages = {1157-1169}, 
	year = {2000}, 
	journal = {The Journal of Neuroscience} 
}

@article{Beyeler2013,
   title = "Categorization and decision-making in a neurobiologically plausible spiking network using a {STDP}-like learning rule ",
   journal = "Neural Networks ",
   volume = "48",
   pages = "109 - 124",
   year = "2013",
   doi = "10.1016/j.neunet.2013.07.012",
   author = "M. Beyeler and N.~D. Dutt and J.~L. Krichmar",
}

@article{Beyeler2014,
   author="Beyeler, M.
   and Richert, M.
   and Dutt, N.~D.
   and Krichmar, J.~L.",
   title="Efficient Spiking Neural Network Model of Pattern Motion Selectivity in Visual Cortex",
   journal="Neuroinformatics",
   year="2014",
   volume="12",
   number="3",
   pages="435--454",
   doi="10.1007/s12021-014-9220-y",
}

@inproceedings{Beyeler2015a, 
   author={M. Beyeler and K.~D. Carlson and T.-S. Chou and N.~D. Dutt and J.~L. Krichmar}, 
   booktitle={Neural Networks (IJCNN), 2015 International Joint Conference on}, 
   title={{CARL}sim 3: A user-friendly and highly optimized library for the creation of neurobiologically detailed spiking neural networks}, 
   year={2015}, 
   pages={1-8}, 
   doi={10.1109/IJCNN.2015.7280424}, 
  month={July},
}

@article{Beyeler2015b,
   title = "A {GPU}-accelerated cortical neural network model for visually guided robot navigation ",
   author = "M. Beyeler and N. Oros and N.~D. Dutt and J.~L. Krichmar",
   journal = "Neural Networks",
   volume = "72",
   pages = "75 - 87",
   year = "2015",
   issn = "0893-6080",
   doi = "10.1016/j.neunet.2015.09.005",
}

@article{BiPoo2001,
	title = {Synaptic modification by correlated activity: Hebb's postulate revisitied},
    author = {G. Bi and M. Poo},
    year = {2001},
    journal = {Annual Review of Neuroscience},
    volume = {24},
    pages = {1139--1150}
}

@ARTICLE{Billington2013,
	AUTHOR={Billington, J.  and  Wilkie, R.~M.  and  Wann, J.~P.},   
	TITLE={Obstacle avoidance and smooth trajectory control: Neural areas highlighted during improved locomotor performance.},      
	JOURNAL={Frontiers in Behavioral Neuroscience},      
	VOLUME={7},      
	YEAR={2013},      
	NUMBER={9},     
	DOI={10.3389/fnbeh.2013.00009},      
	ISSN={1662-5153} ,      
}

@article{BlasdelLund1983,
	title = {Termination of afferent axons in macaque striate cortex},
    author = {G.~G. Blasdel and J.~S. Lund},
    year = {1983},
    journal = {Journal of Neuroscience},
    volume = {3},
    pages = {1389--1413}
}

@inproceedings{Boahen2006, 
	booktitle={Engineering in Medicine and Biology Society, 2006. EMBS '06. 28th Annual International Conference of the IEEE},
	title={Neurogrid: Emulating a Million Neurons in the Cortex}, 
    author={Boahen, K.},
	year={2006}, 
	volume={Supplement}, 
	pages={6702-6702}, 
	doi={10.1109/IEMBS.2006.260925}, 
	ISSN={1557-170X}, 
	month={Aug}
}

ï»¿@Article{Bonin-Font2008,
	author="Bonin-Font, F. and Ortiz, A. and Oliver, G.",
	title="Visual Navigation for Mobile Robots: A Survey",
	journal="Journal of Intelligent and Robotic Systems",
	year="2008",
	volume="53",
	number="3",
	pages="263--296",
	issn="1573-0409",
	doi="10.1007/s10846-008-9235-4",
}

@article {Born2000,
	author = {Born, Richard T.},
	title = {Center-Surround Interactions in the Middle Temporal Visual Area of the Owl Monkey},
	volume = {84},
	number = {5},
	pages = {2658--2669},
	year = {2000},
	publisher = {American Physiological Society},
	issn = {0022-3077},
	journal = {Journal of Neurophysiology}
}

@article{BornBradley2005,
	author = {R.~T. Born and D.~C. Bradley},
	title = {Structure and Function of Visual Area {MT}},
	journal = {Annual Review of Neuroscience},
	volume = {28},
	number = {1},
	pages = {157-189},
	year = {2005},
	doi = {10.1146/annurev.neuro.26.041002.131052},
}

@article{Boussaoud1990,
	title = {Pathways for motion analysis: cortical connections of the medial superior temporal and fundus of the superior temporal visual area in the macaque},
    author = {D. Boussaoud and L.~G. Ungerleider and R. Desimone},
    year = {1990},
    journal = {Journal of Comparative Neurology},
    volume = {296},
    pages = {462--495}
}

@article{Brader2007,
 author = {J.~M. Brader and W. Senn and S. Fusi},
 title = {Learning Real-World Stimuli in a Neural Network with Spike-Driven Synaptic Dynamics},
 journal = {Neural Computation},
 issue_date = {November 2007},
 volume = {19},
 number = {11},
 month = nov,
 year = {2007},
 issn = {0899-7667},
 pages = {2881--2912},
 numpages = {32},
 doi = {10.1162/neco.2007.19.11.2881},
 publisher = {MIT Press},
 address = {Cambridge, MA, USA},
} 

@article {Bradley1996,
	author = {Bradley, D.~C. and Maxwell, M. and Andersen, R.~A. and Banks, M.~S. and Shenoy, K.~V.},
	title = {Mechanisms of Heading Perception in Primate Visual Cortex},
	volume = {273},
	number = {5281},
	pages = {1544--1547},
	year = {1996},
	doi = {10.1126/science.273.5281.1544},
	publisher = {American Association for the Advancement of Science},
	issn = {0036-8075},
	journal = {Science}
}

@article{Bradley1998,
	author = {Bradley, David C. and Andersen, Richard A.}, 
	title = {CenterâSurround Antagonism Based on Disparity in Primate Area {MT}},
	volume = {18}, 
	number = {18}, 
	pages = {7552-7565}, 
	year = {1998}, 
	journal = {The Journal of Neuroscience} 
}

@article{BradleyGoyal2008,
  author = {Bradley, David C. and Goyal, Manu S.},
  day = 13,
  doi = {10.1038/nrn2472},
  issn = {1471-003X},
  journal = {Nature Reviews Neuroscience},
  month = {aug},
  number = 9,
  pages = {686--695},
  publisher = {Nature Publishing Group},
  title = {{Velocity computation in the primate visual system}},
  volume = 9,
  year = 2008
}

@article{Bremmer1998,
	title = {Eye position encoding in the macaque posterior parietal cortex},
    author = {F. Bremmer and A. Pouget and K.~P. Hoffmann},
    year = {1998},
    journal = {European Journal of Neuroscience},
    volume = {10},
    pages = {153--160}
}

@article{Brette2007,
   author="Brette, R.
   and Rudolph, M.
   and Carnevale, T.
   and Hines, M.
   and Beeman, D.
   and Bower, J.~M.
   and Diesmann, M.
   and Morrison, A.
   and Goodman, P.~H.
   and Harris, F.~C.
   and Zirpe, M.
   and Natschl{\"a}ger, T.
   and Pecevski, D.
   and Ermentrout, B.
   and Djurfeldt, M.
   and Lansner, A.
   and Rochel, O.
   and Vieville, T.
   and Muller, E.
   and Davison, A.~P.
   and El Boustani, S.
   and Destexhe, A.",
   title="Simulation of networks of spiking neurons: A review of tools and strategies",
   journal="Journal of Computational Neuroscience",
   year="2007",
   volume="23",
   number="3",
   pages="349--398",
   issn="1573-6873",
   doi="10.1007/s10827-007-0038-6",
}

@article{Britten1992,
	title = {The analysis of visual motion: a comparison of neuronal and psychophysical performance},
    author = {K.~H. Britten and M.~N. Shadlen and W.~T. Newsome},
    year = {1992},
    journal = {Journal of Neuroscience},
    volume = {12},
    pages = {4745--4765}
}

@article{BrittenHeuer1999,
	title = {Spatial summation in the receptive fields of {MT} neurons},
    author = {K.~H. Britten and H.~W. Heuer},
    journal = {Journal of Neuroscience},
    year = {1999},
    volume = {19},
    pages = {5074--5084}
}

@article{BrittenNewsome1998,
	title = {Tuning bandwidths for near-threshold stimuli in area {MT}},
    author = {K.~H. Britten and W.~T. Newsome},
    journal = {Journal of Neurophysiology},
    year = {1998},
    volume = {80},
    pages = {762--770}
}

@article{BrittenVanWezel1998,
	author = {K.~H. Britten and R.~J.~A. van Wezel},
    title = {Electrical microstimulation of cortical area {MST} biases heading perception},
    journal = {Nature Neuroscience},
    year = {1998},
    volume = {1},
    issue = {1},
    pages = {1383--1398},
    doi = {10.1038/259},
}

@article{BrittenVanWezel2002,
	author = {K.~H. Britten and R.~J. Van Wezel},
    title = {Area {MST} and heading perception in macaque monkeys},
    journal = {Cerebral Cortex},
    year = {2002},
    volume = {12},
    pages = {692--701}
}

@article{Britten2008,
	author = {K.~H. Britten},
    title = {Mechanisms of self-motion perception},
    journal = {Annu. Rev. Neurosci.},
    year = {2008},
    volume = {31},
    pages = {389--410}
}

@article{Brostek2014,
	title = {Eye velocity gain fields in {MSTd} during optokinetic stimulation},
    author = {L. Brostek and U. Buttner and M.~J. Mustari and S. Glasauer},
    year = {2014},
    journal = {Cerebral Cortex}
}

@article{Browning2009a,
 author = {Browning, N.~A. and Grossberg, S. and Mingolla, E.},
 title = {Cortical Dynamics of Navigation and Steering in Natural Scenes: Motion-based Object Segmentation, Heading, and Obstacle Avoidance},
 journal = {Neural Netw.},
 issue_date = {December, 2009},
 volume = {22},
 number = {10},
 month = dec,
 year = {2009},
 issn = {0893-6080},
 pages = {1383--1398},
 numpages = {16},
 doi = {10.1016/j.neunet.2009.05.007},
 publisher = {Elsevier Science Ltd.},
 address = {Oxford, UK, UK},
} 

@article{Browning2009b,
	title = "A neural model of how the brain computes heading from optic flow in realistic scenes ",
	journal = "Cognitive Psychology ",
	volume = "59",
	number = "4",
	pages = "320 - 356",
	year = "2009",
	note = "",
	issn = "0010-0285",
	doi = "http://dx.doi.org/10.1016/j.cogpsych.2009.07.002",
	author = "N.~A. Browning and S. Grossberg and E. Mingolla",
}

@article{BurkeWenderoth1993,
	author = {D. Burke and P. Wenderoth},
    title = {The effect of interactions between
one-dimensional component gratings on 2-dimensional motion perception},
	journal = {Vision Research},
    year = {1993},
    volume = {33},
    number = {3},
    pages = {343-350},
    doi = {10.1016/0042-6989(93)90090-J}
}

@article{CarandiniHeeger2012,
	title = {Normalization as a canonical neural computation},
    author = {M. Carandini and D.~J. Heeger},
    year = {2012},
    journal = {Nature Reviews Neuroscience},
    volume = {13},
    pages = {51--62}
}

@inproceedings{Carlson2013, 
author={Carlson, K.~D. and Richert, M. and Dutt, N. and Krichmar, J.~L.}, 
booktitle={Neural Networks (IJCNN), The 2013 International Joint Conference on}, 
title={Biologically plausible models of homeostasis and STDP: Stability and learning in spiking neural networks}, 
year={2013}, 
pages={1-8}, 
doi={10.1109/IJCNN.2013.6706961}, 
ISSN={2161-4393}, 
month={Aug},}

@inproceedings{Carlson2014a,
   author={Carlson, K.~D. and Beyeler, M. and Dutt, N. and Krichmar, J.~L.}, 
   booktitle={Design Automation Conference (ASP-DAC), 2014 19th Asia and South Pacific}, 
   title={{GPGPU} accelerated simulation and parameter tuning for neuromorphic applications}, 
   year={2014}, 
   pages={570-577}, 
   doi={10.1109/ASPDAC.2014.6742952}, 
   month={Jan}
}

@article{Carlson2014b,
	AUTHOR={Carlson, K.~D.  and  Nageswaran, J.~M.  and  Dutt, N.  and  Krichmar, J.~L.},   
	TITLE={An efficient automated parameter tuning framework for spiking neural networks},      
	JOURNAL={Frontiers in Neuroscience},      
	VOLUME={8},      
	YEAR={2014},      
	NUMBER={10},     
	DOI={10.3389/fnins.2014.00010},      
	ISSN={1662-453X}
}

@inproceedings{Cassidy2014,
 author = {Cassidy, A.~S. and Alvarez-Icaza, R. and Akopyan, F. and Sawada, J. and Arthur, J.~V. and Merolla, P.~A. and Datta, P. and Tallada, M.~G. and Taba, B. and Andreopoulos, A. and Amir, A. and Esser, S.~K. and Kusnitz, J. and Appuswamy, R. and Haymes, C. and Brezzo, B. and Moussalli, R. and Bellofatto, R. and Baks, C. and Mastro, M. and Schleupen, K. and Cox, C.~E. and Inoue, K. and Millman, S. and Imam, N. and McQuinn, E. and Nakamura, Y.~Y. and Vo, I. and Guo, C. and Nguyen, D. and Lekuch, S. and Asaad, S. and Friedman, D. and Jackson, B.~L. and Flickner, M.~D. and Risk, W.~P. and Manohar, R. and Modha, D.~S.},
 title = {Real-time Scalable Cortical Computing at 46 Giga-synaptic OPS/Watt with ~100\&Times; Speedup in Time-to-solution and ~100,000\&Times; Reduction in Energy-to-solution},
 booktitle = {Proceedings of the International Conference for High Performance Computing, Networking, Storage and Analysis},
 series = {SC '14},
 year = {2014},
 isbn = {978-1-4799-5500-8},
 location = {New Orleans, Louisana},
 pages = {27--38},
 numpages = {12},
 doi = {10.1109/SC.2014.8},
 acmid = {2683597},
 publisher = {IEEE Press},
 address = {Piscataway, NJ, USA},
}

@article{ChatterjeeCallaway2003,
	title = {Parallel colour-opponent pathways to primary visual cortex},
    author = {S. Chatterjee and E.~M. Callaway},
    year = {2003},
    journal = {Nature},
    volume = {426},
    pages = {668--671}
}

@article{Chey1997,
	title = {Neural dynamics of motion grouping: from aperture ambiguity to object speed and direction},
    author = {J. Chey and S. Grossberg and E. Mingolla},
    year = {1997},
    journal = {Journal of the Optical Society of America A-Optics Image Science and Vision},
    volume = {14},
    pages = {2570--2594}
}

@article{Chou2015,
 AUTHOR={Chou, T.-S. and Bucci, L.~D. and Krichmar, J.~L.},
 TITLE={Learning Touch Preferences with a Tactile Robot Using Dopamine Modulated STDP in a Model of Insular Cortex},      
 JOURNAL={Frontiers in Neurorobotics},      
 VOLUME={9},      
 YEAR={2015},      
 NUMBER={6},     
 DOI={10.3389/fnbot.2015.00006},      
 ISSN={1662-5218}
}

@article{ChubbSperling1988,
	author = {C. Chubb and G. Sperling},
    title = {Drift-balanced random stimuli--a general basis for studying non-fourier motion perception},
    journal = {Journal of the Optical Society of America a--Optics Image Science and Vision},
    year = {1988},
    volume = {5},
    number = {11},
    pages = {1986-2007},
    doi = {10.1364/Josaa.5.001986}
}

@article{ChukoskieMovshon2009,
	title = {Modulation of visual signals in macaque {MT} and {MST} neurons during pursuit eye movement},
    author = {L. Chukoskie and J.~A. Movshon},
    year = {2009},
    journal = {Journal of Neurophysiology},
    volume = {102},
    number = {6},
    pages = {3225--3233}
}

@article{Clifford1999,
	title = {The perception and discrimination of speed in complex motion},
    author = {C.~W. Clifford and S.~A. Beardsley and L.~M. Vaina},
    year = {1999},
    journal = {Vision Research},
    volume = {39},
    pages = {2213--2227}
}

@article{Colby1993,
	title = {Ventral intraparietal area of the macaque: anatomic location and visual response properties},
    author = {C.~L. Colby and J.~R. Duhamel and M.~E. Goldberg},
    year = {1993},
    journal = {Journal of Neurophysiology},
    volume = {69},
    pages = {902--914}
}

@article{CrowellBanks1993,
	title = {Perceiving heading with different retinal regions and types of optic flow},
    author = {J.~A. Crowell and M.~S. Banks},
    year = {1993},
    journal = {Perception and Psychophysics},
    volume = {53},
    pages = {325--337}
}

@article{CummingParker1997,
	title = {Responses of primary visual cortical neurons to binocular disparity without depth perception},
    author = {B.~G. Cumming and A.~J. Parker},
    year = {1997},
    journal = {Neuron},
    volume = {389},
    pages = {280--283}
}

@article{Dacey2000,
	title = {Parallel pathways for spectral coding in primate retina},
    author = {D.~M. Dacey},
    year = {2000},
    journal = {Annu. Rev. Neurosci.},
    volume = {23},
    pages = {743--775}
}

@book{Dacey2004,
	title = {The Cognitive Neurosciences},
    author = {D.~M. Dacey},
    year = {2004},
    publisher = {{MIT} Press},
    location = {Cambridge, MA}
}

@article{Davison2009,
 AUTHOR={Davison, A.~P  and  Br\"{u}derle, D.  and  Eppler, J.~M  and  Kremkow, J.  and  Muller, E.  and  Pecevski, D.  and  Perrinet, L.  and  Yger, P.},
TITLE={{PyNN}: a common interface for neuronal network simulators},
JOURNAL={Frontiers in Neuroinformatics},
VOLUME={2},
YEAR={2009},
NUMBER={11},
DOI={10.3389/neuro.11.011.2008},
ISSN={1662-5196},
}

@book{DayanAbbott2001,
	title = {Theoretical neuroscience: Computational and mathematical modeling of neural systems (Computational neuroscience)},
    author = {P. Dayan and L.~F. Abbott},
    year = {2001},
    publisher = {Cambridge: Massachusetts Institute of Technology Press},
}

@article {DeAngelis1993,
	author = {DeAngelis, G.~C. and Ohzawa, I. and Freeman, R.~D.},
	title = {Spatiotemporal organization of simple-cell receptive fields in the cat{\textquoteright}s striate cortex. I. General characteristics and postnatal development},
	volume = {69},
	number = {4},
	pages = {1091--1117},
	year = {1993},
	publisher = {American Physiological Society},
	issn = {0022-3077},
	journal = {Journal of Neurophysiology}
}

@article{DeAngelisNewsome1999,
	author = {G.~C. DeAngelis and W.~T. Newsome},
    title = {Organization of disparity-selective neurons in macaque area {MT}},
    year = {1999},
    journal = {Journal of Neuroscience},
    volume = {19},
    number = {4},
    pages = {1398--1415}
}

@inproceedings{Deneve1999,
	title = {Divisive normalization, line attractor networks and ideal observers},
    author = {S. Den\`{e}ve and A. Pouget and P.~E. Latham},
    year = {1999},
    booktitle = {NIPS},
    pages = {1--7}
}

@article{Duchon2002,
	title = {A visual equalization strategy for locomotor control: of honeybees, robots, and humans},
    author = {A.~P. Duchon and W.~H.~Jr. Warren},
    journal = {Psychological Science},
    year = {2002},
    volume = {13},
    pages = {272--278},
}

@article{DuffyWurtz1991a,
	title = {Sensitivity of {MST} neurons to optic flow stimuli. {I}. A continuum of response selectivity to large-field stimuli},
    author = {C.~J. Duffy and R.~H. Wurtz},
    year = {1991},
    journal = {Journal of Neurophysiology},
    volume = {65},
    pages = {1329--1345},
}

@article{DuffyWurtz1991b,
	title = {Sensitivity of {MST} neurons to optic flow stimuli. {II}. Mechanisms of response selectivity revealed by small-field stimuli},
    author = {C.~J. Duffy and R.~H. Wurtz},
    year = {1991},
    journal = {Journal of Neurophysiology},
    volume = {65},
    pages = {1346--1359},
}

@article{DuffyWurtz1995,
	title = {Response of monkey {MST} neurons to optic flow stimuli with shifted centers of motion},
    author = {C.~J. Duffy and R.~H. Wurtz},
    year = {1995},
    journal = {Journal of Neuroscience},
    volume = {15},
    number = {7 Pt 2},
    pages = {5192--5208}
}

@article{DuffyWurtz1997,
	title = {Planar directional contributions to optic flow
responses in {MST} neurons},
	year = {1997},
    author = {C.~J. Duffy and R.~H. Wurtz},
    journal = {Journal of Neurophysiology},
    volume = {77},
    pages = {782--796}
}

@article{Duijnhouwer2013,
	title = {Speed and direction response profiles of neurons in macaque {MT} and {MST} show modest constraint line tuning},
    author = {J. Duijnhouwer and A.~J. Noest and M.~J. Lankheet and A.~V. van den Berg and R.~J. van Wezel},
    year = {2013},
    journal = {Frontiers in Behavioral Neuroscience},
    volume = {7},
}

@book{Eckel2000,
	author = {B. Eckel},
    title = {Thinking in {C++}, Volume 1: Introduction to Standard {C++}},
    year = {2000},
    edition = {2},
    publisher = {Prentice Hall},
    isbn = {0-13-979809-9}
}

@article{EggertKorner2004,
	title = {Sparse coding and {NMF}},
    author = {J. Eggert and E. Korner},
    year = {2004},
    journal = {{IEEE} {IJCNN}},
    pages = {2529--2533}
}

@article{EifukuWurtz1998,
	title = {Response to motion in extrastriate area {MST}l: centerâsurround interactions},
    author = {S. Eifuku and R.~H. Wurtz},
    year = {1998},
    journal = {Journal of Neurophysiology},
    volume = {80},
    pages = {282--296}
}

@article{Elder2009,
	title = {A neural model of visually guided steering, obstacle avoidance, and route selection},
    author = {D.~M. Elder and S. Grossberg and E. Mingolla},
    year = {2009},
    journal = {Journal of Experimental Psychology: Human Perception and Performance},
    volume = {29},
    pages = {343--362}
}

@book{Eliasmith2002,
 author = {Eliasmith, C. and Anderson, C.~H.},
 title = {Neural Engineering (Computational Neuroscience Series): Computational, Representation, and Dynamics in Neurobiological Systems},
 year = {2002},
 isbn = {0262050714},
 publisher = {MIT Press},
 address = {Cambridge, MA, USA},
} 

@article {Eliasmith2012,
	author = {Eliasmith, C. and Stewart, T.~C. and Choo, X. and Bekolay, T. and DeWolf, T. and Tang, Y. and Rasmussen, D.},
	title = {A Large-Scale Model of the Functioning Brain},
	volume = {338},
	number = {6111},
	pages = {1202--1205},
	year = {2012},
	doi = {10.1126/science.1225266},
	publisher = {American Association for the Advancement of Science},
	issn = {0036-8075},
	journal = {Science}
}

@article{FajenWarren2003,
	author="Fajen, B.~R. and Warren, W.~H.",
	title="Behavioral dynamics of steering, obstacle avoidance, and route selection",
	journal="Journal of Experimental Psychology: Human Perception and Performance",
	year="2003",
	volume="29",
	pages="343--362",
}

@Article{FajenWarren2007,
	author="Fajen, B.~R. and Warren, W.~H.",
	title="Behavioral dynamics of intercepting a moving target",
	journal="Experimental Brain Research",
	year="2007",
	volume="180",
	number="2",
	pages="303--319",
	issn="1432-1106",
	doi="10.1007/s00221-007-0859-6",
}

@article{FellemanVanEssen1991,
	author = {D. Felleman and D. van Essen},
    title = {Distributed hierarchical processing in the primate cerebral cortex},
    journal = {Cereb. Cortex},
    year = {1991},
    volume = {1},
    pages = {1--47}
}

@article{FerreraWilson1990,
	title = {Perceived direction of moving two-dimensional patterns},
    author = {V.~P. Ferrera and H.~R. Wilson},
    year = {1990},
    journal = {Vision Research},
    volume = {30},
    number = {2},
    pages = {273-287}
}

@article{Fetsch2007,
	title = {Spatial reference frames of visual, vestibular, and multimodal heading signals in the dorsal subdivision of the medial superio temporal area},
    author = {C.~R. Fetsch and S. Wang and Y. Gu and G.~C. DeAngelis and D.~E. Angelaki},
    year = {2007},
    journal = {Journal of Neuroscience},
    volume = {27},
    pages = {700--712}
}

@article{Field2007,
	title = {Neural systems in the visual control of steering},
    author = {D.~T. Field and R.~M. Wilkie and J.~P. Wann},
    journal = {Journal of Neuroscience},
    year = {2007},
    volume = {27},
    pages = {8002--8010}
}

@article{FieldChichilnisky2007,
	title = {Information processing in the primate brain: circuitry and coding},
    author = {G.~D. Field and E.~J. Chichilnisky},
    year = {2007},
    journal = {Annu. Rev. Neurosci.},
    volume = {30},
    pages = {1--30}
}

@INPROCEEDINGS{Fidjeland2009,
	author={Fidjeland, A.~K. and Roesch, E.~B. and Shanahan, M.~P. and Luk, W.}, 
	booktitle={Application-specific Systems, Architectures and Processors, 2009. ASAP 2009. 20th IEEE International Conference on}, 
	title={NeMo: A Platform for Neural Modelling of Spiking Neurons Using GPUs}, 
	year={2009}, 
	pages={137-144}, 
	doi={10.1109/ASAP.2009.24}, 
	ISSN={2160-0511}, 
	month={July}
}

@inproceedings{FreemanAdelson1991,
	title = {The design and use of steerable filters},
    author = {W.~T. Freeman and E.~H. Adelson},
    year = {1991},
    booktitle = {IEEE Pattern Analysis and Machine Intelligence},
    volume = {13},
    pages = {891-906}
}

@article{FreemanSimoncelli2011,
	title = {Metamers of the ventral stream},
    author = {W.~T. Freeman and E. Simoncelli},
    journal = {Nature Neuroscience},
    year = {2011},
    volume = {14},
    pages = {1195--1201}
}

@article{Friston2006,
	title = {A free energy principle for the brain},
    author = {K. Friston and J. Kilner and L. Harrison},
    year = {2006},
    journal = {Journal of Physiology},
    volume = {100},
    pages = {70--87}
}

@article{Friston2010,
	title = {The free-energy principle: a unified brain theory?},
    author = {K. Friston},
    year = {2010},
    journal = {Nature Reviews Neuroscience},
    volume = {11},
    pages = {127--138}
}

@article{FroehlerDuffy2002,
	title = {Cortical neurons encoding path and place: where you go is where you are},
    author = {M.~T. Froehler and C.~J. Duffy},
    year = {2002},
    journal = {Science},
    volume = {295},
    pages = {2462--2465}
}

@article{FurberTemple2007,
	title = {Neural systems engineering},
    author = {S. Furber and S. Temple},
    journal = {Journal of the Royal Society Interface},
    year = {2007},
    volume = {4},
    pages = {193--206}
}

@ARTICLE{Gewaltig2007,
	AUTHOR = {Gewaltig, M.  and Diesmann, M. },
	TITLE   = {{N}{E}{S}{T} ({N}{E}ural {S}imulation {T}ool)},
	YEAR	= {2007},
	JOURNAL	= {Scholarpedia},
	VOLUME  = {2},
	NUMBER  = {4},
	PAGES   = {1430},
	NOTE   = {{revision \#130182}},
}

@book{Gibson1950,
	title = {The perception of the visual world},
    author = {J.~J. Gibson},
    year = {1950},
    publisher = {Houghton Mifflin}
}

@article{Gibson1958,
	author = {J.~J. Gibson},
	title = {Visually controlled locomotion and visual orientation in animals},
    year = {1958},
    journal = {British Journal of Psychology},
    volume = {49},
    pages = {182--194}
}

@article{GoodaleMilner1992,
	title = {Separate visual pathways for perception and action},
    author = {M.~A. Goodale and A.~D. Milner},
    year = {1992},
    journal = {Trends in Neuroscience},
    volume = {15},
    number = {1},
    pages = {20--25}
}

@ARTICLE{Goodman2008,
	AUTHOR={Goodman, D.~F.~M.  and  Brette, R.},   
	TITLE={Brian: a simulator for spiking neural networks in {P}ython},      
	JOURNAL={Frontiers in Neuroinformatics},
	VOLUME={2},
	YEAR={2008},      
	NUMBER={5},     
	DOI={10.3389/neuro.11.005.2008},      
	ISSN={1662-5196},
}

@article{Graziano1994,
	title = {Tuning of {MST} neurons to spiral motions},
    author = {M.~S. Graziano and R.~A. Andersen and R.~J. Snowden},
    year = {1994},
    journal = {Journal of Neuroscience},
    volume = {14},
    pages = {54--67}
}

@article{Grossberg1999,
	title = {A neural model of motion processing and visual navigation by cortical area {MST}},
    author = {S. Grossberg and E. Mingolla and C. Pack},
    year = {1999},
    journal = {Cerebral Cortex},
    volume = {9},
    pages = {878--895}
}

@article{GrossbergPilly2008,
	title = {Temporal dynamics of decision-making during motion perception in the visual cortex},
    author = {S. Grossberg and P.~K. Pilly},
    year = {2008},
    journal = {Vision Research},
    volume = {48},
    number = {12},
    pages = {1345-1373},
    doi = {10.1016/j.visres.2008.02.019.}
}

@article{Gu2006,
	title = {Visual and nonvisual contributions to three-dimensional heading selectivity in the medial superior temporal area},
    author = {Y. Gu and P.~V. Watkins and D.~E. Angelaki and G.~C. DeAngelis},
    journal = {Journal of Neuroscience},
    year = {2006},
    volume = {26},
    pages = {73--85}
}

@article{Gu2010,
	title = {Decoding of {MSTd} population activity accounts for variations in the precision of heading perception},
    author = {Y. Gu and C.~R. Fetsch and B. Adeyemo and G.~C. DeAngelis and D.~E. Angelaki},
    year = {2010},
    journal = {Neuron},
    volume = {66},
    pages = {596--609}
}

@article{Gu2012,
	title = {Causal links between dorsal medial superior temporal area neurons and multisensory heading perception},
    author = {Y. Gu and G.~C. DeAngelis and D.~E. Angelaki},
    year = {2012},
    journal = {Journal of Neurosciecne},
    volume = {32},
    pages = {2299--2313}
}

@book{Hastie2009,
	title = {The elements of statistical learning: data mining, inference, and prediction},
    author = {T. Hastie and R. Tibshirani and J.~H. Friedman},
    year = {2009},
    edition = {2nd},
    publisher = {Springer Verlag}
}

@article{Hawken1988,
	title = {Laminar organization and contrast sensitivity of direction-selective cells in the striate cortex of {O}ld {W}orld monkey},
    author = {M.~J. Hawken and A.~J. Parker and J.~S. Lund},
    year = {1988},
    journal = {Journal of Neuroscience},
    pages = {3541--3548}
}

@book{Hebb1949,
	title = {The organization of behavior; a neurophysiological theory},
    author = {D.~O. Hebb},
    year = {1949},
    publisher = {Wiley},
    location = {New York, NY}
}

@article{Heeger1996,
	title = {Computational models of cortical visual processing},
    author = {D.~J. Heeger and E.~P. Simoncelli and J.~A. Movshon},
    year = {1996},
    journal = {Proc. Natl. Acad. Sci. USA},
    volume = {93},
    pages = {3398--3408}
}

@book{Helmholtz1925,
	title = {Treatise on physiological objects},
    author = {H. von Helmholtz},
    year = {1925},
    publisher = {Dover Publications}
}

@ARTICLE{Hoang2013,
	AUTHOR={Hoang, R.~V  and  Tanna, D.  and  Jayet B., Laurence C.  and  Dascalu, S.~M.  and  Harris, F.~C.},   
	TITLE={A Novel CPU/GPU Simulation Environment for Large-Scale Biologically-Realistic Neural Modeling},      
	JOURNAL={Frontiers in Neuroinformatics},      
	VOLUME={7},      
	YEAR={2013},      
	NUMBER={19},     
	DOI={10.3389/fninf.2013.00019},      
	ISSN={1662-5196} ,      
}

@article{HodgkinHuxley1954,
	title = {A quantitative description of membrane current and application to conduction and excitation in nerve},
    author = {A.~L. Hodgkin and A.~F. Huxley},
    year = {1954},
    journal = {Journal of Physiology},
    volume = {117},
    pages = {500--544}
}

@article{Hohl2013,
	title = {Sensory population decoding for visually guidedmovements},
    author = {S.~S. Hohl and K.~S. Chaisanguanthum and S.~G. Lisberger},
    year = {2013},
    journal = {Neuron},
    volume = {79},
    number = {1},
    pages = {167-179},
    doi = {10.1016/j.neuron.2013.05.026}
}

@article{Honey2007,
author = {Honey, C.~J. and K\"{o}tter, R. and Breakspear, M. and Sporns, O.}, 
title = {Network structure of cerebral cortex shapes functional connectivity on multiple time scales},
volume = {104}, 
number = {24}, 
pages = {10240-10245}, 
year = {2007}, 
doi = {10.1073/pnas.0701519104}, 
journal = {Proceedings of the National Academy of Sciences} 
}

@inproceedings{Hoyer2002,
	title = {Non-negative sparse coding},
    author = {P.~O. Hoyer},
    year = {2002},
    booktitle = {Proceedings in Neural Networks for Signal Processing {XII}},
    pages = {557--565}
}

@article{Huang2006,
	title = {Visual navigation and obstacle avoidance using a steering potential function.},
    author = {W.~H. Huang and B.~R. Fajen and J.~R. Fink and W.~H. Warren},
    year = {2006},
    journal = {Robotics and Autonomous Systems},
    volume = {54},
    pages = {288--299}
}

@article{Indiveri2006,
	title = {A VLSI array of low-power spiking neurons and bistable synapses with spike-timing dependent plasticity},
    author = {G. Indiveri and E. Chicca and R. Douglas},
    year = {2006},
    journal = {IEEE Transactions on Neural Networks},
    volume = {17},
    number = {1},
    pages = {211-221},
    doi = {10.1109/Tnn.2005.860850}
}

@article{Izhikevich2003,
author={Izhikevich, E.~M.}, 
journal={IEEE Transactions on Neural Networks}, 
title={Simple model of spiking neurons}, 
year={2003}, 
volume={14}, 
number={6}, 
pages={1569-1572}, 
doi={10.1109/TNN.2003.820440}, 
ISSN={1045-9227}, 
month={Nov},
}

@article{IzhikevichDesai2003,
	title = {Relating STDP to BCM},
    author = {E.~M. Izhikevich and N.~S. Desai},
    year = {2003},
    journal = {Neural Computation},
    volume = {15},
    number = {7},
    pages = {1511--1523}
}

@article{Izhikevich2004a,
	title = {Which model to use for cortical spiking neurons?},
    author = {E.~M. Izhikevich},
    year = {2004},
    journal = {IEEE Transactions on Neural Networks},
    volume = {15},
    number = {5},
    pages = {1063-1070},
    doi = {10.1109/Tnn.2004.832719}
}

@article{Izhikevich2004b,
	title = {Spike-timing dynamics of neuronal groups},
    author = {E.~M. Izhikevich and J.~A. Gally and G.~M. Edelman},
    journal = {Cerebral Cortex},
    year = {2004},
    volume = {14},
    number = {8},
    pages = {933-944},
    doi = {10.1093/cercor/bhh053}
}

@book{Izhikevich2007,
   title = "Dynamical systems in neuroscience : the geometry of excitability and bursting",
   author = "Izhikevich, Eugene M.",
   series = "Computational neuroscience",
   publisher = "MIT Press",
   address = "Cambridge, Mass., London",
   isbn = "0-262-09043-0",
   year = 2007
}

@article{Janssen2003,
	title = {At least at the level of inferior temporal cortex, the stereo correspondence problem is solved},
    author = {P. Janssen and R. Vogels and Y. Liu and G.~A. Orban},
    year = {2003},
    journal = {Neuron},
    volume = {37},
    pages = {693--701}
}

@article{JazayeriMovshon2006,
	title = {Optimal representation of sensory information by neural populations},
    author = {M. Jazayeri and J.~A. Movshon},
    year = {2006},
    journal = {Nature Neuroscience},
    volume = {9},
    pages = {690--696}
}

@book{Kandel2000,
	title = {Principles of neural science},
	author = {E.~R. Kandel and J.~H. Schwartz and T.~M. Jessell and S.~A. Siegelbaum and A.~J. Hudspeth},
    publisher = {McGraw-Hill},
    address = {New York},
    year = {2000},
    volume = {4}
}

@inproceedings{Khan2008, 
	author={Khan, M.~M. and Lester, D.~R. and Plana, L.~A. and Rast, A. and Jin, X. and Painkras, E. and Furber, S.~B.}, 
	booktitle={Neural Networks, 2008. IJCNN 2008. (IEEE World Congress on Computational Intelligence). IEEE International Joint Conference on}, 
	title={SpiNNaker: Mapping neural networks onto a massively-parallel chip multiprocessor}, 
	year={2008}, 
	pages={2849-2856}, 
	doi={10.1109/IJCNN.2008.4634199}, 
	ISSN={1098-7576}, 
	month={June}
}

@article{Kim2015,
	title = {A novel role for visual perspective cues in the neural computation of depth},
    author = {H.~R. Kim and D.~E. Angelaki and G.~C. DeAngelis},
    year = {2015},
    journal = {Nature Neuroscience},
    volume = {18},
    pages = {129--137}
}

@book{Koch2004,
   title={Biophysics of Computation: Information Processing in Single Neurons},
   author={Koch, C.},
   isbn={9780195181999},
   lccn={97051390},
   series={Computational Neuroscience Series},
   year={2004},
   publisher={Oxford University Press, USA}
}

@article{KoenderinkVanDoorn1975,
	title = {Invariant properties of the motion parallax field due to the movement of rigid bodies relative to an observer},
    author = {J.~J. Koenderink and A.~J. van Doorn},
    year = {1975},
    journal = {Optica Acta},
    volume = {22},
    pages = {773--791}
}

@book{Kolawa2007,
    author = {Kolawa, A. and Huizinga, D.},
    pages = {86},
    publisher = {Wiley-IEEE Computer Society Press},
    title = {Automated Defect Prevention: Best Practices in Software Management},
    year = {2007}
}

@article{KomatsuWurtz1988,
	title = {Relation of cortical areas {MT} and {MST} to pursuit eye movements. {III}. {I}nteraction with full-field visual stimulation},
    author = {H. Komatsu and R.~H. Wurtz},
    year = {1988},
    journal = {Journal of Neurophysiology},
    volume = {60},
    number = {2},
    pages = {621--644}
}

@article{Kountouriotis2013,
	title = {Optic flow asymmetries bias high-speed steering along roads},
    author = {G.~K. Kountouriotis and K.~A. Shire and C.~D. Mole and P.~H. Gardner and N. Merat and R.~M. Wilkie},
    year = {2013},
    journal = {Journal of Vision},
    volume = {13},
    pages = {23}
}

@article{Krapp2000,
	title = {Neuronal matched filters for optic flow processing in flying insects},
    author = {H.~G. Krapp},
    year = {2000},
    journal = {Int Rev Neurobiol},
    volume = {44},
    pages = {93--120}
}

@article{KrappHengstenberg1996,
	title = {Estimation of self-motion by optic flow processing in single visual interneurons},
    author = {H.~G. Krapp and R. Hengstenberg},
    year = {1996},
    journal = {Nature},
    volume = {384},
    pages = {463--466}
}

@inproceedings{KrichmarEdelman2006,
    author = {J.~L. Krichmar and G.~M. Edelman},
    title = {Principles underlying the construction of brain-based devices},
    editor = {T. Kovacs and J.~A.~R. Marshall},
    booktitle = {Adaptation in artificial and biological systems},
    publisher = {Bristol, UK: Society for the Study of Artificial Intelligence and the Simulation of Behaviour},
    year = {2006},
    pages = {37--42},
    volume = {6},
}

@article{Krug1999,
	title = {Responses of single {MT} neurons to anti-correlated stereograms in the awake macaque},
    author = {K. Krug and B.~G. Cumming and A.~J. Parker},
    year = {1999},
    journal = {Soc. Neurosci. Abstr.},
    volume = {25},
    pages = {275}
}

@article{Lagae1994,
	title = {Responses of macaque {STS} neurons to optic flow components: a comparison of areas {MT} and {MST}},
    author = {L. Lagae and H. Maes and S. Raiguel and D.~K. Xiao and G.~A. Orban},
    year = {1994},
    journal = {Journal of Neurophysiology},
    volume = {71},
    pages = {1597--1626}
}

@article{Lamb2007,
	title = {Evolution of the vertebrate eye: opsins, photoreceptors, retina and eye cup},
    author = {T.~D. Lamb and S.~P. Collin and E.~N. Pugh},
    year = {2007},
    journal = {Nature Reviews Neuroscience},
    volume = {8},
    pages = {960--976}
}

@article{LappeRauschecker1994,
	title = {Heading detection from optic flow},
    author = {M. Lappe and J.~P. Rauschecker},
    year = {1994},
    journal = {Nature},
    volume = {369},
    pages = {712--713}
}

@article{Lappe1996,
	title = {Optic flow processing in monkey {STS}: a theoretical and experimental approach},
    author = {M. Lappe and F. Bremmer and M. Pekel and A. Thiele and K.~P. Hoffmann},
    year = {1996},
    journal = {Journal of Neuroscience},
    volume = {16},
    pages = {6265--6285}
}

@article{Layton2012,
	title = {A motion pooling model of visually guided navigation explains human behavior in the presence of independently moving objects},
    author = {O.~W. Layton and E. Mingolla and N.~A. Browning},
    journal = {Journal of Vision},
    year = {2012},
    volume = {12},
    number = {1},
    doi = {doi:10.1167/12.1.20}
}

@article{LeCun1998, 
author={LeCun, Y. and Bottou, L. and Bengio, Y. and Haffner, P.}, 
journal={Proceedings of the IEEE}, 
title={Gradient-based learning applied to document recognition}, 
year={1998}, 
volume={86}, 
number={11}, 
pages={2278-2324}, 
doi={10.1109/5.726791}, 
ISSN={0018-9219}, 
month={Nov},}

@article{LeeSeung1999,
   author = {Lee, D. D. and Seung, H. S.},
   title = {Learning the parts of objects by non-negative matrix factorization},
   journal = {Nature},
   volume = {401},
   number = {6755},
   pages = {788-91},
   DOI = {10.1038/44565},
   year = {1999},
   type = {Journal Article}
}

@article{LeeSeung2001,
   author = {Lee, D. D. and Seung, H. S.},
   title = {Algorithms for non-negative matrix factorization},
   journal = {Advances in Neural Information Processing Systems 13},
   volume = {13},
   pages = {556-562},
   ISSN = {1049-5258},
   year = {2001},
   type = {Journal Article}
}

@article{Leichnetz2001,
	title = {Connections of the medial posterior parietal cortex (area 7m) in the monkey},
    journal = {Anat. Rec.},
    author = {G.~R. Leichnetz},
    year = {2001},
    volume = {263},
    pages = {215--236}
}

@article{LewisVanEssen2000,
	title = {Corticocortical connections of visual, sensorimotor, and multimodel processing areas in the parietal lobe of the macaque monkey},
    author = {J.~W. Lewis and D.~C. van Essen},
    year = {2000},
    journal = {Journal of Computational Neurology},
    volume = {428},
    pages = {112--137}
}

@article{Li2000,
	title = {Perception of heading during rotation: sufficiency of dense motion parallax and reference objects},
    author = {L. Li and W.~.H.~Jr. Warren},
    year = {2000},
    journal = {Vision Research},
    volume = {40},
    pages = {3873--3894}
}

@article{Lichtsteiner2008,
	author={Lichtsteiner, P. and Posch, C. and Delbruck, T.}, 
	journal={Solid-State Circuits, IEEE Journal of}, 
	title={A 128x128 120 {dB} 15 us Latency Asynchronous Temporal Contrast Vision Sensor}, 
	year={2008}, 
	volume={43}, 
	number={2}, 
	pages={566-576}, 
	doi={10.1109/JSSC.2007.914337}, 
	ISSN={0018-9200}, 
	month={Feb},
}

@article{Linsker1990,
	title = {Perceptual neural organization: some approaches based on network models and information theory},
    author = {R. Linsker},
    year = {1990},
    journal = {Annu Rev Neurosci},
    volume = {13},
    pages = {257--281}
}

@article{LisbergerFerrera1997,
	title = {Vector averaging for smooth pursuit eye movements initiated by two moving targets in monkeys},
    author = {S.~G. Lisberger and V.~P. Ferrera},
    year = {1997},
    journal = {Journal of Neuroscience},
    volume = {17},
    pages = {7490--7502}
}

@article{LiuNewsome2003,
	author = {J. Liu and W.~T. Newsome},
    title = {Functional organization of speed tuned neurons in visual area {MT}},
    year = {2003},
    journal = {Journal of Neurophysiology},
    volume = {89},
    number = {1},
    pages = {246--256}
}

@inproceedings{Liu2010,
	author={S.-C. Liu and van Schaik, A. and Minch, B.~A. and Delbruck, T.}, 
	booktitle={Circuits and Systems (ISCAS), Proceedings of 2010 IEEE International Symposium on}, 
	title={Event-based 64-channel binaural silicon cochlea with Q enhancement mechanisms}, 
	year={2010}, 
	pages={2027-2030}, 
	doi={10.1109/ISCAS.2010.5537164}, 
	month={May},
}

@article{LivingstoneConway2007,
	title = {Contrast affects speed tuning, space-time slant, and receptive-field organization of simple cells in macaque V1},
    author = {M.~S. Livingstone and B.~R. Conway},
    year = {2007},
    journal = {Journal of Neurophysiology},
    volume = {97},
    number = {1},
    pages = {849--857},
    doi = {10.1152/jn.00762.2006}
}

@article{LivingstoneHubel1984,
	title = {Anatomy and physiology of a color system in the primate visual cortex},
    author = {M.~S. Livingstone and D.~H. Hubel},
    year = {1984},
    journal = {Journal of Neuroscience},
    pages = {309--356}
}

@article{LoganDuffy2006,
	title = {Cortical area {MSTd} combines visual cues to represent 3-D self-movement},
    author = {D.~J. Logan and C.~J. Duffy},
    year = {2006},
    journal = {Cerebral Cortex},
    volume = {16},
    pages = {1494--1507}
}

@inproceedings{LonguetHigginsPrazdny1980,
	author = {H.~C. Longuet-Higgins and K. Prazdny},
	title = {The interpretation of a moving retinal image},
    year = {1980},
    booktitle = {Proceedings of the Royal Society of London},
    volume = {B 208},
    pages = {385--397}
}

@article{LuSperling1995,
	title = {Attention-generated apparent motion},
    author = {Z.~L. Lu and G. Sperling},
    year = {1995},
    journal = {Nature},
    volume = {377},
    issue = {6546},
    pages = {237-239},
    doi = {10.1038/377237a0}
}

@article{Maass1997,
	title = "Networks of spiking neurons: The third generation of neural network models ",
	author = "W. Maass",
	journal = "Neural Networks ",
	volume = "10",
	number = "9",
	pages = "1659 - 1671",
	year = "1997",
	note = "",
	issn = "0893-6080",
	doi = "http://dx.doi.org/10.1016/S0893-6080(97)00011-7",
}

@book{MaassBishop2001,
	title = {Pulsed neural networks},
    author = {W. Maass and C.~M. Bishop},
    year = {2001},
    publisher = {MIT Press}
}

@article{Majaj2007,
	title = {Motion integration by neurons in macaque MT is local, not global},
    author = {N.~J. Majaj and M. Carandini and J.~A. Movshon},
    year = {2007},
    journal = {Journal of Neuroscience},
    volume = {27},
    number = {2},
    pages = {366-370},
    doi = {10.1523/JNEUROSCI.3183-06.2007}
}

@book{Mardia1972,
	title = {Statistics of directional data},
    author = {K.~V. Mardia},
    year = {1972},
    publisher = {Academic Press},
    location = {London, NY}
}

@book{Marr1982,
	title = {Vision},
    author = {D. Marr},
    year = {1982},
    isbn = {9780262514620},
    publisher = {MIT Press}
}

@article{MaunsellVanEssen1983,
	title = {Functional properties of neurons in middle temporal visual area of the macaque monkey. {II}. Binocular interactions and
sensitivity to binocular disparity},
    author = {J.~H. Maunsell and D.~C. van Essen},
    year = {1983},
    journal = {Journal of Neurophysiology},
    volume = {49},
    pages = {1148--1167}
}

@article{MaunsellVanEssen1987,
	title = {Topographic organization of the middle temporal visual area in the macaque monkey: representational biases and the relationship to callosal connections and myeloarchitectonic boundaries},
    author = {J.~H. Maunsell and D.~C. van Essen},
    year = {1987},
    journal = {Journal of Computational Neurology},
    volume = {266},
    number = {4},
    pages = {535--555}
}

@article{Mineault2012,
	title = {Hierarchical processing of complex motion along the primate dorsal visual pathway},
    author = {P.~J. Mineault and F.~A. Khawaja and D.~A. Butts and C.~C. Pack},
    year = {2012},
    journal = {Proc Natl Acad Sci USA},
    volume = {109},
    pages = {E972--980}
}

@article{Minkovich2014,
   author={Minkovich, K. and Thibeault, C.M. and O'Brien, M.J. and Nogin, A. and Youngkwan Cho and Srinivasa, N.}, 
   journal={Neural Networks and Learning Systems, IEEE Transactions on}, 
   title={{HRLS}im: A High Performance Spiking Neural Network Simulator for {GPGPU} Clusters}, 
   year={2014}, 
   volume={25}, 
   number={2}, 
   pages={316-331}, 
   doi={10.1109/TNNLS.2013.2276056}, 
   month={Feb}
}

@article{Morice2010,
	title = {Environmental constraints modify the way an interceptive action is controlled},
    author = {A.~H. Morice and M. Francois and D.~M. Jacobs and G. Montagne},
    year = {2010},
    journal = {Experimental Brain Research},
    volume = {202},
    pages = {397--411}
}

@article{Morris2012,
	title = {Dynamics of eye-position signals in the dorsal visual system},
    author = {A.~P. Morris and M. Kubischik and K.~P. Hoffmann and B. Krekelberg and F. Bremmer},
    year = {2012},
    journal = {Current Biology},
    volume = {22},
    pages = {173--179}
}

@book{Movshon1985,
	title = {The analysis of moving visual patterns (Pattern recognition
mechanisms},
	author = {J.~A. Movshon and E.~H. Adelson and M.~S. Gizzi and W.~T. Newsome},
    year = {1985},
    publisher = {New York: Springer}
}

@article{MovshonNewsome1996,
    author = {Movshon, J.~A. and Newsome, W.~T.},
    issn = {0270-6474},
    journal = {The Journal of Neuroscience},
    month = dec,
    number = {23},
    pages = {7733--7741},
    title = {{Visual response properties of striate cortical neurons projecting to area MT in macaque monkeys.}},
    volume = {16},
    year = {1996}
}

@article{Myme2003,
	title = {The {NMDA}-to-{AMPA} ratio at synapses onto layer 2/3 pyramidal neurons is conserved across prefrontal and visual cortices},
    author = {C.~I. Myme and K. Sugino and G.~G. Turrigiano and S.~B. Nelson},
    year = {2003},
    journal = {Journal of Neurophysiology},
    volume = {90},
    pages = {771--779}
}

@article{Nageswaran2009,
   title = "A configurable simulation environment for the efficient simulation of large-scale spiking neural networks on graphics processors ",
   journal = "Neural Networks ",
   volume = "22",
   number = "5â6",
   pages = "791 - 800",
   year = "2009",
   note = "Advances in Neural Networks Research: (IJCNN'09) International Joint Conference on Neural Networks ",
   issn = "0893-6080",
   doi = "http://dx.doi.org/10.1016/j.neunet.2009.06.028",
   author = "J.~M. Nageswaran and N.~D. and J.~L. Krichmar and A. Nicolau and A.~V. Veidenbaum",
}

@inproceedings{Nageswaran2010,
	title = {Towards reverse engineering the brain: Modeling abstractions and simulation frameworks},
    author = {J.~M. Nageswaran and M. Richert and N. Dutt and J.~L. Krichmar},
    year = {2010},
    booktitle = {IEEE/IFIP VLSI System on Chip Conference (VLSI-SoC)},
    pages = {1--6}
}

@article{NassiCallaway2007,
	title = {Specialized circuits from primary visual cortex to {V2} and area {MT}},
    author = {J.~J. Nassi and E.~M. Callaway},
    year = {2007},
    journal = {Neuron},
    volume = {55},
    pages = {799--808}
}

@article{NassiCallaway2009,
	author = {J.~J. Nassi and E.~M. Callaway},
    title = {Parallel processing strategies of the primate visual system},
    year = {2009},
    journal = {Nature Reviews Neuroscience},
    volume = {10},
    pages = {360--372}
}

@article{Newsome1988,
	title = {Relation of cortical areas {MT} and {MST} to pursuit eye movements. II. Differentiation of retinal from extraretinal inputs},
    author = {W.~T. Newsome and R.~H. Wurtz and H. Komatsu},
    year = {1988},
    journal = {Journal of Neurophysiology},
    volume = {60},
    number = {2},
    pages = {604--620}
}

@article{Newsome1989,
	title = {Neuronal correlates of a perceptual decision},
    author = {W.~T. Newsome and K.~H. Britten and J.~A. Movshon},
    year = {1989},
    journal = {Nature},
    volume = {341},
    pages = {52--54}
}

@article{Nishida2011,
	title = {Advancement of motion psychophysics: review 2001â2010},
    author = {S. Nishida},
    year = {2011},
    journal = {Journal of Vision},
    volume = {11},
    number = {5},
}

@article{Nordstrom1992,
   author = {Nordstr\"{o}m, T. and Svensson, B.},
   title = {Using and Designing Massively Parallel Computers for Artificial Neural Networks},
   journal = {J. Parallel Distrib. Comput.},
   volume = {14},
   number = {3},
   month = mar,
   year = {1992},
   issn = {0743-7315},
   pages = {260--285},
   numpages = {26},
   doi = {10.1016/0743-7315(92)90068-X},
   publisher = {Academic Press, Inc.},
}

@article{Nover2005,
	title = {A logarithmic, scale-invariant representation of speed in macaque middle temporal area accounts for speed discrimination performance},
    author = {H. Nover and C.~H. Anderson and G.~C. DeAngelis},
    year = {2005},
    journal = {Journal of Neuroscience},
    volume = {25},
    number = {43},
    pages = {10049--10060}
}

@article{Nowotny2011,
	author="Nowotny, Thomas",
	title="Flexible neuronal network simulation framework using code generation for {NVidia} {CUDA}{\texttrademark}",
	journal="BMC Neuroscience",
	year="2011",
	volume="12",
	number="1",
	pages="1--2",
	issn="1471-2202",
	doi="10.1186/1471-2202-12-S1-P239",
}

@techreport{NVIDIAFermi2009,
	author = {NVIDIA Corporation},
   title = {White paper: {NVIDIA}`s next generation {CUDA} compute architecture: Fermi'},
   institution = {NVIDIA Corporation},
   year = {2009},
   url = {http://www.nvidia.com/content/pdf/fermi_white_papers/nvidia_fermi_compute_architecture_whitepaper.pdf}
}

@article{OlshausenField1996,
	title = {Emergence of simple-cell receptive field properties by learning a sparse code for natural images},
    author = {B.~A. Olshausen and D.~J. Field},
    year = {1996},
    journal = {Nature},
    volume = {381},
    pages = {607--609}
}

@article{OlshausenField1997,
	title = {Sparse coding with an overcomplete basis set: a strategy employed by {V1}?},
    author = {B.~A. Olshausen and D.~J. Field},
    year = {1997},
    journal = {Vision Research},
    volume = {37},
    pages = {3311--3325}
}

@article{Orban1992,
	title = {First-order analysis of optical flow in monkey brain},
    author = {G.~A. Orban and L. Lagae and A. Verri and S. Raiguel and D. Xiao and H. Maes and V. Torre},
    year = {1992},
    journal = {Proceedings of the National Academy of Science of the United States of America},
    volume = {89},
    pages = {2595--2599}
}

@article{Orban2008,
	title = {Higher order visual processing in macaque extrastriate cortex},
    author = {G.~A. Orban},
    year = {2008},
    journal = {Physiological Reviews},
    volume = {88},
    pages = {59--89}
}

@inproceedings{OrosKrichmar2012,
	title = {Neuromodulation, attention and localization using a novel {ANDROID} robotic platform},
    author = {N. Oros and J.~L. Krichmar},
    year = {2012},
    booktitle = {IEEE international conference on development and learning and epigenetic robotics},
    location = {San Diego, CA}
}

@techreport{OrosKrichmar2013a,
	title = {Android$^{TM}$ based robotics: Powerful, flexible and inexpensive robots for hobbyists, educators, students and researcher},
    author = {N. Oros and J.~L. Krichmar},
    year = {2013},
    institution = {Cognitive Anteater Robotics Laboratory: University of California, Irvine},
}

@techreport{OrosKrichmar2013b,
	title = {Smartphone based robotics: Powerful, flexible and inexpensive robots for hobbyists, educators, students and researchers},
    author = {N. Oros and J.~L. Krichmar},
    year = {2013},
    institution = {{CECS} technical report. Center for Embedded Computer Systems: University of California, Irvine},
    pages = {13--16}
}

@article{PaateroTapper1994,
	title = {Positive matrix factorization - a nonnegative factor model with optimal utilization for error-estimates of data values},
    author = {P. Paatero and U. Tapper},
    year = {1994},
    journal = {Environmetrics},
    volume = {5},
    pages = {111--126}
}

@article{Pack2001,
	title = {Dynamic properties of neurons in cortical area MT in alert and anaesthetized macaque monkeys},
    author = {C.~C. Pack and V.~K. Berezovskii and R.~T. Born},
    year = {2001},
    journal = {Nature},
    volume = {414},
    number = {6866},
    pages = {905-908}
}

@incollection{PackBorn2008,
	author = {C.~C. Pack and R. Born},
    title = {Cortical mechanisms for the integration of visual motion},
    year = {2008},
    editor = {A.~I. Basbaum and A. Kaneko and G.~M. Shepherd and G. Westheimer},
    booktitle = {The Senses: A comprehensive reference},
    volume = {2},
    publisher = {Academic Press},
    address = {San Diego},
    series = {Vision II},
    chapter = {2},
    pages = {189--218}
}

@article{Page2015,
	title = {Navigational path integration by cortical neurons: origins in higher-order direction selectivity},
    author = {W.~K. Page and N. Sato and M.~T. Froehler and W. Vaughn and C.~J. Duffy},
    year = {2015},
    journal = {Journal of Neurophysiology},
    volume = {113},
    pages = {1896--1906}
}

@article{PageDuffy1999,
	title = {{MST} neuronal responses to heading direction during pursuit eye movements},
    author = {W.~K. Page and C.~J. Duffy},
    year = {1999},
    journal = {Journal of Neurophysiology},
    volume = {81},
    pages = {596--610}
}

@article{PageDuffy2003,
	title = {Heading representation in {MST}: sensory interactions and population encoding},
    author = {W.~K. Page and C.~J. Duffy},
    journal = {Journal of Neurophysiology},
    year = {2003},
    volume = {89},
    number = {4},
    pages = {1994--2013}
}

@article{Parvizi2006,
	title = {Neural connections of the posteromedial cortex in the macaque},
    author = {J. Parvizi and van Hoesen, G.~W. and J. Buckwalter and A. Damasio},
    year = {2006},
    journal = {Proceedings of the National Academy of Sciences U.S.A.},
    volume = {103},
    pages = {1563--3665}
}

@article{Patla1997,
	title = {Where and when do we look as we approach and step over an obstacle in the travel path?},
    author = {A.~E. Patla and J.~N. Vickers},
    journal = {NeuroReport},
    year = {1997},
    volume = {8},
    pages = {3661--3665}
}

@article{Pauwels2010,
	title = {A cortical architecture on parallel hardware for motion processing in real time},
    author = {K. Pauwels and N. Kruger and M. Lappe and F. Worgotter and M.~M. van Hulle},
    year = {2010},
    journal = {Journal of Vision},
    volume = {10},
    pages = {18}
}

@article{Pecevski2009,
	AUTHOR={Pecevski, D.  and  Natschl\"{a}ger, T.  and  Schuch, K.},
	TITLE={{PCSIM}: a parallel simulation environment for neural circuits fully integrated with Python},
	JOURNAL={Frontiers in Neuroinformatics},      
	VOLUME={3},      
	YEAR={2009},      
	NUMBER={11},     
	DOI={10.3389/neuro.11.011.2009},      
	ISSN={1662-5196}
}

@article{Perrone1992,
	title = {Model for the computation of self-motion in biological systems},
    author = {J.~A. Perrone},
    year = {1992},
    journal = {Journal of the Optical Society of America A, Optics and image science},
    volume = {9},
    pages = {177--194}
}

@article{PerroneStone1994,
	title = {A model of self-motion estimation within primate extrastriate visual cortex},
    author = {J.~A. Perrone and L.~S. Stone},
    year = {1994},
    journal = {Vision Research},
    volume = {34},
    pages = {2917--2938}
}

@article{PerroneStone1998,
	title = {Emulating the visual receptive-field properties of {MST} neurons with a template model of heading estimation},
    author = {J.~A. Perrone and L.~S. Stone},
    year = {1998},
    journal = {Journal of Neuroscience},
    volume = {18},
    pages = {5958--5975}
}

@article{Perrone2012,
	title = {A neural-based code for computing image velocity from small sets of middle temporal (MT/V5) neuron inputs},
    author = {J.~A. Perrone},
    year = {2012},
    journal = {Journal of Vision},
    volume = {12},
    number = {8},
    doi = {10.1167/12.8.1}
}

@article{PerroneThiele2001,
	title = {Speed skills: measuring the visual speed analyzing properties of primate MT neurons},
    author = {J.~A. Perrone and A. Thiele},
    year = {2001},
    journal = {Nature Neuroscience},
    volume = {4},
    number = {5},
    pages = {526-532}
}

@article{PerroneThiele2002,
	title = {A model of speed tuning in MT neurons},
    author = {J.~A. Perrone and A. Thiele},
    year = {2002},
    journal = {Vision Research},
    volume = {42},
    number = {8},
    pages = {1035-1051}
}

@article{PicardCook1984,
	title = {Cross-validation of regression-models},
    author = {R.~R. Picard and R.~D. Cook},
    year = {1984},
    journal = {Journal of the American Statistics Association},
    volume = {79},
    pages = {575--583}
}

@article{PougetSejnowski1997,
	title = {Spatial transformations in the parietal cortex using basis functions},
    author = {A. Pouget and T.~J. Sejnowski},
    year = {1997},
    journal = {Journal of Cognitive Neuroscience},
    volume = {9},
    pages = {222--237}
}

@article{PougetSnyder2000,
	title = {Computational approaches to sensorimotor transformations},
    author = {A. Pouget and L.~H. Snyder},
    year = {2000},
    journal = {Nature Neuroscience},
    volume = {3 Suppl},
    pages = {1192--1198}
}

@article{Pouget1998,
	title = {Statistically efficient estimation using population coding},
    author = {A. Pouget and K. Zhang and S. Deneve and P.~E. Latham},
    year = {1998},
    journal = {Neural Computation},
    volume = {10},
    pages = {373--401}
}

@article{Priebe2003,
	title = {The neural representation of speed in macaque area MT/V5},
    author = {N.~J. Priebe and C.~R. Cassanello and S.~G. Lisberger},
    year = {2003},
    journal = {Journal of Neuroscience},
    volume = {23},
    number = {13},
    pages = {5650-5661}
}

@article{Priebe2006,
	title = {Tuning for spatiotemporal frequency and speed in directionally selective neurons of macaque striate cortex},
    author = {N.~J. Priebe and S.~G. Lisberger and J.~A. Movshon},
    year = {2006},
    journal = {Journal of Neuroscience},
    volume = {26},
    number = {11},
    pages = {2941-2950}
}

@article{PurushothamanBradley2005,
	title = {Neural population code for fine perceptual decisions in area {MT}},
    author = {G. Purushothaman and D.~C. Bradley},
    year = {2005},
    journal = {Nature Neuroscience},
    volume = {8},
    pages = {99--106}
}

@article{QianAndersen1994,
	title = {Transparent motion perception as detection of unbalanced motion signals},
    author = {N. Qian and R.~A. Andersen},
    journal = {Journal of Neuroscience},
    year = {1994},
    volume = {14},
    pages = {7367--7380}
}

@inproceedings{Querlioz2011, 
author={Querlioz, D. and Bichler, O. and Gamrat, C.}, 
booktitle={Neural Networks (IJCNN), The 2011 International Joint Conference on}, 
title={Simulation of a memristor-based spiking neural network immune to device variations}, 
year={2011}, 
pages={1775-1781}, 
doi={10.1109/IJCNN.2011.6033439}, 
ISSN={2161-4393}, 
month={July},}

@article{Raiguel1995,
	title = {Shape and spatial distribution of receptive fields and antagonistic motion surrounds in the middle temporal area ({V5}) of the macaque},
    author = {S. Raiguel and M.~M. van Hulle and D.~K. Xiao and V.~L. Marcar and G.~A. Orban},
    year = {1995},
    journal = {European Journal of Neuroscience},
    volume = {7},
    pages = {2064--2082}
}

@article{Raiguel1997,
	title = {Size and shape of receptive fields in the medial superior temporal area (MST) of the macaque},
    author = {S. Raiguel and M.~M. van Hulle and D.~K. Xiao and V.~L. Marcar and L. Lagae and G.~A. Orban},
    year = {1997},
    journal = {Neuroreport},
    volume = {8},
    pages = {2803--2808}
}

@article{Raudies2011,
	title = {A model of motion transparency processing with local center-surround interactions and feedback},
    author = {F. Raudies and E. Mingolla and H. Neumann},
    year = {2011},
    journal = {Neural Computation},
    volume = {23},
    number = {11},
    pages = {2868-2914}
}

@article{Raudies2013,
AUTHOR = {Raudies, F. },
TITLE   = {Optic flow},
YEAR	= {2013},
JOURNAL	= {Scholarpedia},
VOLUME  = {8},
NUMBER  = {7},
PAGES   = {30724},
NOTE   = {revision \#149632},
}

@article{RaudiesNeumann2012,
	title = {A review and evaluation of methods estimating ego-motion},
    author = {F. Raudies and H. Neumann},
    year = {2012},
    journal = {Comput Vis Image Und},
    volume = {116},
    pages = {606--633}
}

@article{Recanzone1997,
	title = {Responses of {MT} and {MST} neurons to one and two moving objects in the receptive field},
    author = {G.~H. Recanzone and R.~H. Wurtz and U. Schwartz},
    year = {1997},
    journal = {Journal of Neurophysiology},
    volume = {78},
    pages = {2904--2915}
}

@article{Resulaj2009,
	title = {Changes of mind in decision-making},
    author = {A. Resulaj and R. Kiani and D.~M. Wolpert and M.~N. Shadlen},
    year = {2009},
    journal = {Nature},
    volume = {461},
    number = {7261},
    pages = {263-U141}
}

@article{Richert2011,
   AUTHOR={Richert, M.  and  Nageswaran, J.~M.  and  Dutt, N.  and  Krichmar, J.~L.},
   TITLE={An efficient simulation environment for modeling large-scale cortical processing},
   JOURNAL={Frontiers in Neuroinformatics},
   VOLUME={5},
   YEAR={2011},
   NUMBER={19},
   DOI={10.3389/fninf.2011.00019},
}

@article{Richert2013,
	title = {The complex structure of receptive fields in the middle temporal area},
    author = {M. Richert and T.~D. Albright and B. Krekelberg},
    year = {2013},
    journal = {Frontiers in Systems Neuroscience},
    volume = {7},
}

@book{Rieke1999,
 author = {Rieke, F. and Warland, D. and de Ruyter van Steveninck, R. and Bialek, W.},
 title = {Spikes: Exploring the Neural Code},
 year = {1999},
 isbn = {0-262-18174-6},
 publisher = {MIT Press},
 address = {Cambridge, MA, USA},
}

@article{RizzolattiMatelli2003,
	title = {Two different streams form the dorsal visual system: anatomy and functions},
    author = {G. Rizzolatti and M. Matelli},
    year = {2003},
    journal = {Experimental Brain Research},
    volume = {153},
    pages = {146--157}
}

@article{RodmanAlbright1987,
	title = {Coding of visual stimulus velocity in area {MT} of the Macaque},
    author = {H.~R. Rodman and T.~D. Albright},
    year = {1987},
    journal = {Vision Research},
    volume = {27},
    number = {12},
    pages = {2035--2048}
}

@article{RodmanAlbright1989,
	title = {Single-unit analysis of pattern motion selective properties in the middle temporal visual area ({MT})},
    author = {H.~R. Rodman and T.~D. Albright},
    journal = {Experimental Brain Research},
    year = {1989},
    volume = {75},
    number = {1},
    pages = {53-64}
}

@article{RoitmanShadlen2002,
	title = {Response of neurons in the lateral intraparietal area during a combined visual discrimination reaction time task},
    author = {J.~D. Roitman and M.~N. Shadlen},
    year = {2002},
    journal = {Journal of Neuroscience},
    volume = {22},
    number = {21},
    pages = {9475-9489}
}

@ARTICLE{Rossant2011,
	AUTHOR={Rossant, C.  and  Goodman, D.~F.~M.  and  Fontaine, B.  and  Platkiewicz, J.  and  Magnusson, A.~K.  and  Brette, R.},
	TITLE={Fitting neuron models to spike trains},      
	JOURNAL={Frontiers in Neuroscience},      
	VOLUME={5},      
	YEAR={2011},      
	NUMBER={9},     
	DOI={10.3389/fnins.2011.00009},      
	ISSN={1662-453X},
}

@article{Rotter1999,
author="Rotter, S.
and Diesmann, M.",
title="Exact digital simulation of time-invariant linear systems with applications to neuronal modeling",
journal="Biological Cybernetics",
year= "1999",
volume="81",
number="5",
pages="381--402",
issn="1432-0770",
doi="10.1007/s004220050570",
}

@article{Royden1994,
	title = {Estimating heading during eye movements},
    author = {C.~S. Royden and J.~A. Crowell and M.~S. Banks},
    year = {1994},
    journal = {Vision Research},
    volume = {34},
    pages = {3197--3214}
}

@article{Rushton1998,
	title = {Guidance of locomotion on foot uses perceived target location rather than optic flow},
    author = {S.~K. Rushton and J.~M. Harris and M.~R. Lloyd and J.~P. Wann},
    journal = {Current Biology},
    year = {1998},
    volume = {8},
    pages = {19},
    doi = {10.1016/S0960-9822(07)00492-7}
}

@inproceedings{Rushton2002,
	title = {Egocentric direction and the visual guidance of robot locomotion background, theory and implementation},
    author = {S.~K. Rushton and J. Wen and R.~S. Allison},
    year = {2002},
    booktitle = {Biologically motivated computer vision, proceedings},
    volume = {2525},
    pages = {576--591}
}

@ARTICLE{Rust2006,
  AUTHOR= "N.~C. Rust and V. Mante and E.~P. Simoncelli and J.~A. Movshon",
  TITLE= "How {MT} cells analyze the motion of visual patterns",
  JOURNAL= "Nature Neuroscience",
  VOLUME= 9,
  NUMBER= 11,
  PAGES= "1421--1431",
  MONTH= "Nov",
  YEAR= 2006,
  DOI= "10.1038/nn1786",
  PMID= 17041595,
} 

@article{Saito1986,
	title = {Integration of direction signals of image motion in the superior temporal sulcus of the macaque monkey},
    author = {H. Saito and M. Yukie and K. Tanaka and K. Hikosaka and Y. Fukada and E. Iwai},
    year = {1986},
    journal = {Journal of Neuroscience},
    volume = {6},
    number = {1},
    pages = {145--157}
}

@inproceedings{Schemmel2010, 
	author={Schemmel, J. and Br\"{u}derle, D. and Gr\"{u}bl, A. and Hock, M. and Meier, K. and Millner, S.}, 
	booktitle={Circuits and Systems (ISCAS), Proceedings of 2010 IEEE International Symposium on}, 
	title={A wafer-scale neuromorphic hardware system for large-scale neural modeling}, 
	year={2010}, 
	pages={1947-1950}, 
	doi={10.1109/ISCAS.2010.5536970}, 
	month={May}
}

@article{Sejnowski1977,
	title = {Statistical constraints on synaptic plasticity},
    author = {T.~J. Sejnowski},
    year = {1977},
    journal = {Journal of Theoretical Biology},
    volume = {69},
    pages = {385--389}
}

@article{Senn2001,
	title = {An algorithm for modifying neurotransmitter release probability based on pre- and post-synaptic spike timing},
    author = {W. Senn and H. Markram and M. Tsodyks},
    year = {2001},
    journal = {Neural Computation},
    volume = {13},
    number = {1},
    pages = {35--67}
}

@article{Seubert2008,
	title = {Straight after the turn: the role of the parietal lobes in egocentric space processing},
    author = {J. Seubert and G.~W. Humphreys and H.~J. Muller and K. Gramann},
    year = {2008},
    journal = {Neurocase},
    volume = {14},
    pages = {204--219}
}

@article{SeungSompolinsky1993,
	title = {Simple models for reading neuronal population codes},
    author = {H.~S. Seung and H. Sompolinsky},
    year = {1993},
    journal = {Proceedings of the National Academy of Sciences of the United States of America},
    volume = {90},
    pages = {10749--10753}
}

@article{ShadlenNewsome2001,
	title = {Neural basis of a perceptual decision in the parietal cortex (area {LIP}) of the rhesus monkey},
    author = {M.~N. Shadlen and W.~T. Newsome},
    year = {2001},
    journal = {Journal of Neurophysiology},
    volume = {86},
    number = {4},
    pages = {1916-1936}
}

@article{SimoncelliHeeger1998,
	title = "A model of neuronal responses in visual area \{MT\} ",
	journal = "Vision Research ",
	volume = "38",
	number = "5",
	pages = "743 - 761",
	year = "1998",
	note = "",
	issn = "0042-6989",
	doi = "10.1016/S0042-6989(97)00183-1",
	author = "E.~P. Simoncelli and D.~J. Heeger",
}

@article{SimoncelliOlshausen2001,
	title = {Natural image statistics and neural representation},
    author = {E.~P. Simoncelli and B.~A. Olshausen},
    year = {2001},
    journal = {Annu Rev Neurosci},
    volume = {24},
    pages = {1193--1216}
}

@article{SincichHorton2004,
	title = {The circuitry of {V1} and {V2}: integration of color, form, and motion},
    author = {L.~C. Sincich and J.~C. Horton},
    year = {2004},
    journal = {Annu. Rev. Neurosci},
    volume = {28},
    pages = {303--326}
}


@article{SmithRatcliff2004,
title = "Psychology and neurobiology of simple decisions ",
journal = "Trends in Neurosciences ",
volume = "27",
number = "3",
pages = "161 - 168",
year = "2004",
note = "",
issn = "0166-2236",
doi = "http://dx.doi.org/10.1016/j.tins.2004.01.006",
author = "P.~L. Smith and R. Ratcliff"
}

@article{Smith2005,
	title = {Dynamics of motion signaling by neurons in macaque area {MT}},
    author = {M.~A. Smith and N.~J. Majaj and J.~A. Movshon},
    year = {2005},
    journal = {Nature Neuroscience},
    volume = {8},
    number = {2},
    pages = {220-228}
}

@article{Snowden1991,
	title = {The response of area {MT} and {V1} neurons to transparent motion},
    author = {R.~J. Snowden and S. Treue and R.~G. Erickson and R.~A. Andersen},
    year = {1991},
    journal = {Journal of Neuroscience},
    volume = {11},
    pages = {2768--2785}
}

@book{Snyder1987,
	title = {Map projections--a working manual},
    author = {J.~P. Snyder},
    publisher = {Geological Survey (U.S.)},
    year = {1987},
    location = {Washington: U.S. G.P.O.}
}

@article{Song2000,
	title = {Competitive Hebbian learning through spike-timing dependent plasticity},
    author = {S. Song and K.~D. Miller and L.~F. Abbott},
    year = {2000},
    journal = {Nature Neuroscience},
    volume = {3},
    pages = {919--926}
}

@article{SpanneJorntell2015,
	title = {Questioning the role of sparse coding in the brain},
    author = {A. Spanne and H. Jorntell},
    year = {2015},
    journal = {Trends Neurosci},
    volume = {38},
    pages = {417--427}
}

@article{Srinivasa2012, 
	author={Srinivasa, N. and Cruz-Albrecht, J.~M.}, 
	journal={Pulse, IEEE}, 
	title={Neuromorphic Adaptive Plastic Scalable Electronics: Analog Learning Systems}, 
	year={2012}, 
	volume={3}, 
	number={1}, 
	pages={51-56}, 
	doi={10.1109/MPUL.2011.2175639}, 
	ISSN={2154-2287}, 
	month={Jan},
}

@article{Srinivasan1996,
	title = {Honeybee navigation en route to the goal: visual flight control and odometry},
    author = {M. Srinivasan and S. Zhang and M. Lehrer and T. Collett},
    year = {1996},
    journal = {Journal of Experimental Biology},
    volume = {199},
    pages = {237--244}
}

@article{Srinivasan1997,
	title = {Visual control of honeybee flight},
    author = {M.~V. Srinivasan and S.~W. Zhang},
    journal = {EXS},
    year = {1997},
    volume = {84},
    pages = {95--113}
}

@article{Stent1973,
	title = {A physiological mechanism for Hebb's postulate of learning},
    journal = {Proceedings of the National Academy of Sciences, U.S.A},
    year = {1973},
    author = {G. Stent},
    volume = {70},
    pages = {997}
}

@article{Swindale1998,
	title = {Orientation tuning curves: empirical description and estimation of parameters},
    author = {N.~V. Swindale},
    year = {1998},
    journal = {Biological Cybernetics},
    volume = {78},
    pages = {45--56}
}

@article{Tanaka1989,
	title = {Underlying mechanisms of the response specificty of expansion/contraction and rotation cells in the dorsal part of the medial superior temporal area of the macaque monkey},
    author = {K. Tanaka and Y. Fukada and H.~A. Saito},
    year = {1989},
    journal = {Journal of Neurophysiology},
    volume = {62},
    pages = {642--656}
}

@article{Takahashi2007,
	title = {Multimodal coding of three-dimensional rotation and translation in area {MSTd}: comparison of visual and vestibular selectivity},
    author = {K. Takahashi and Y. Gu and P.~J. May and S.~D. Newlands and G.~C. DeAngelis and D.~E. Angelaki},
    year = {2007},
    journal = {Journal of Neuroscience},
    volume = {27},
    pages = {9742--9756}
}

@article{Tanaka1993,
	title = {Analysis of object motion in the ventral part of the medial superior temporal area of the macaque visual cortex},
    author = {K. Tanaka and Y. Sugita and M. Moriya and H. Saito},
    year = {1993},
    journal = {Journal of Neurophysiology},
    volume = {69},
    pages = {128--142}
}

@article{TanakaSaito1989,
	title = {Analysis of motion of the visual field by direction, expansion/contraction, and rotation cells clustered in the dorsal part of the medial superior temporal area of the macaque monkey},
    author = {K. Tanaka and H. Saito},
    year = {1989},
    journal = {Journal of Neurophysiology},
    volume = {62},
    number = {3},
    pages = {626--641}
}

@article{Thiele2001,
	title = {Neural correlates of chromatic motion perception},
    author = {A. Thiele and K.~R. Dobkins and T.~D. Albright},
    year = {2001},
    journal = {Neuron},
    volume = {32},
    number = {2},
    pages = {351-358}
}

@article{Tsodyks1998,
	title = {Neural networks with dynamic synapses},
    author = {M. Tsodyks and K. Pawelzik and H. Markram},
    year = {1998},
    journal = {Neural Computation},
    volume = {10},
    number = {4},
    pages = {821--835}
}

@book{Ullman1979,
	author = {S. Ullman},
    year = {1979},
    title = {The interpretation of visual motion},
    isbn = {978-026271011-4},
    publisher = {MIT Press},
	series={Artificial Intelligence},
}

@article{UngerleiderDesimone1986,
	title = {Cortical connections of visual area {MT} in the macaque},
    author = {L.~G. Ungerleider and R. Desimone},
    journal = {Journal of Comparative Neurology},
    year = {1986},
    volume = {248},
    number = {2},
    pages = {190--222}
}

@incollection{UngerleiderMishkin1982,
	title = {Two cortical visual systems},
    author = {L.~G. Ungerleider and M. Mishkin},
    year = {1982},
    booktitle = {Analysis of visual behavior},
    editors = {D.~J. Ingle and M.~A. Goodale and R.~J.~W. Mansfield},
    publisher = {{MIT} Press},
    location = {Cambridge, MA},
    pages = {549--586}
}

@article{vanEssen1981,
	title = {The middle temporal visual area in the macaque: myeloarchitecture, connections, functional properties and topographic organization},
    author = {D.~C. van Essen and J.~H. Maunsell and J.~L. Bixby},
    year = {1981},
    journal = {Journal of Computational Neurology},
    volume = {199},
    number = {3},
    pages = {293--326}
}

@article{vanEssen2001,
	author = {D.~C. van Essen and H.~A. Drury and J. Dickson and J. Harwell and D. Hanlon and C.~H. Anderson},
    title = {An integrated software suite for surface-based analyses of cerebral cortex},
    year = {2001},
    journal = {J. Am. Med. Inform. Assoc.},
    volume = {8},
    pages = {443-459}
}

@article{vanSanten1985,
	author = {Jan P. H. van Santen and George Sperling}, 
	journal = {J. Opt. Soc. Am. A}, 
	number = {2}, 
	pages = {300--321}, 
	publisher = {OSA},
	title = {Elaborated Reichardt detectors}, 
	volume = {2}, 
	month = {Feb},
	year = {1985},
	doi = {10.1364/JOSAA.2.000300},
}

@article{VinjeGallant2000,
	title = {Sparse coding and decorrelation in primary visual cortex during natural vision},
    author = {W.~E. Vinje and J.~L. Gallant},
    year = {2000},
    journal = {Science},
    volume = {287},
    pages = {1273--1276}
}

@article{Vogels2005,
author = {Vogels, T.~P. and Abbott, L.~F.}, 
title = {Signal Propagation and Logic Gating in Networks of Integrate-and-Fire Neurons},
volume = {25}, 
number = {46}, 
pages = {10786-10795}, 
year = {2005}, 
doi = {10.1523/JNEUROSCI.3508-05.2005}, 
journal = {The Journal of Neuroscience} 
}

@article{Vogelstein2007,
	title = {A multichip neuromorphic system for spike-based visual information processing},
    author = {R.~J. Vogelstein and U. Mallik and E. Culurciello and G. Cauwenberghs and R. Etienne-Cummings},
    year = {2007},
    journal = {Neural Computation},
    volume = {19},
    number = {9},
    pages = {2281-2300}
}

@article{Wallach1987,
	title = {Perceiving a stable environment when one moves},
    author = {H. Wallach},
    year = {1987},
    journal = {Annu Rev Psychol},
    volume = {38},
    pages = {1--27}
}

@article{WallSmith2008,
	title = {The representation of egomotion in the human
brain},
	author = {M.~B. Wall and A.~T. Smith},
    year = {2008},
    journal = {Current Biology},
    volume = {18},
    pages = {191--194}
}

@article{Warren2001,
	title = {Optic flow is used to control human walking},
    author = {W.~H.~Jr. Warren and B.~A. Kay and W.~D. Zosh and A.~P. Duchon and S. Sahuc},
    year = {2001},
    journal = {Nature Neuroscience},
    volume = {4},
    pages = {213--216}
}

@article{WenBoahen2009,
	title = {A silicon cochlea with active coupling},
    author = {B. Wen and K. Boahen},
    year = {2009},
    journal = {IEEE Transactions on Biomedical Circuits and Systems},
    volume = {3},
    pages = {444-455}
}

@article{WilkieWann2003,
	title = {Controlling steering and judging heading: retinal flow, visual direction, and extraretinal information},
    author = {R. Wilkie and J. Wann},
    journal = {Journal of Experimental Psychology: Human Perception and Performance},
    year = {2003},
    volume = {29},
    pages = {363--378}
}

@article{Wilson1992,
	title = {A psychophysically motivated model for 2-dimensional motion perception},
    author = {H.~R. Wilson and V.~P. Ferrera and C. Yo},
    year = {1992},
    journal = {Visual Neuroscience},
    volume = {9},
    number = {1},
    pages = {79-97}
}

@article{Xiao1997,
	title = {The spatial distribution of the antagonistic surround of {MT}/{V5} neurons},
    author = {D.~K. Xiao and S. Raiguel and V. Marcar and G.~A. Orban},
    year = {1997},
    journal = {Cerebral Cortex},
    volume = {7},
    pages = {662--677}
}

@article{Xu2014,
	title = {Spiral motion selective neurons in area {MSTd} contribute to judgments of heading},
    author = {H. Xu and P. Wallisch and D.~C. Bradley},
    year = {2014},
    journal = {Journal of Neurophysiology},
    volume = {111},
    pages = {2332--2342}
}

@article{Yu2010,
	title = {Receptive field dynamics underlying {MST} neuronal optic flow selectivity},
    author = {C.~P. Yu and W.~K. Page and R. Gaborski and C.~J. Duffy},
    year = {2010},
    journal = {Journal of Neurophysiology},
    volume = {103},
    pages = {531--547}
}

@inproceedings{Yudanov2010,
	title = {{GPU}-based simulation of spiking neural networks with real-time performance \& high accuracy},
    author = {D. Yudanov and M. Shaaban and R. Melton and L. Reznik},
    year = {2010},
    booktitle = {Neural Networks (IJCNN), The 2010 International Joint Conference on, 18â23 July 2010},
    pages = {1-8}
}

@article{ZekiShipp1988,
	title = {The functional logic of cortical connections},
    author = {S. Zeki and S. Shipp},
    year = {1988},
    journal = {Nature},
    volume = {335},
    pages = {311--317}
}

@article{ZemelSejnowski1998,
	title = {A model for encoding multiple object motions and self-motion in area {MST} of primate visual cortex},
    author = {R.~S. Zemel and T.~J. Sejnowski},
    year = {1998},
    journal = {Journal of Neuroscience},
    volume = {18},
    pages = {531--547}
}

@article{Zhang1993,
	title = {Emergence of position-independent detectors of sense of rotation and dilation with {H}ebbian learning - an analysis},
    author = {K.~C. Zhang and M.~I. Sereno and M.~E. Sereno},
    year = {1993},
    journal = {Neural Computation},
    volume = {5},
    pages = {597--612}
}
